@article{tange2011gnu,
  title = {{{GNU}} {P}arallel: The command-line power tool},
  author = {Tange, Ole},
  journal = {USENIX Mag},
  volume = {36},
  number = {1},
  pages = {42--47},
  year = {2011},
  note = {Available from \url{https://doi.org/10.5281/zenodo.8278274}}
}

% from parallel --citation.
software{tange_2023_8278274,
      author       = {Tange, Ole},
      title        = {GNU Parallel 20230822 ('Chandrayaan')},
      month        = Aug,
      year         = 2023,
      note         = {{GNU Parallel is a general parallelizer to run
                       multiple serial command line programs in parallel
                       without changing them.}},
      publisher    = {Zenodo},
      doi          = {10.5281/zenodo.8278274},
      url          = {https://doi.org/10.5281/zenodo.8278274}
}

@online{novotny2023implement,
  title = {Implement batching and summarization to unit tests},
  author = {Novotný, Vít},
  year = {2023},
  month = Jan,
  url = {https://github.com/witiko/markdown/issues/245},
  urlnewline = 1,
}

@online{starynovotny2023measure,
  title = {Measure the speed of tests with different numbers of processes and batch sizes},
  author = {Starý Novotný, Vít},
  year = {2023},
  month = Oct,
  monthtie = 1,
  url = {https://github.com/Witiko/markdown/blob/main/experiments/2023-10-12-test-batching},
}

@online{novotny2020arqmath,
  title = {{ARQMath} data preprocessing},
  author = {Novotný, Vít},
  year = {2020},
  month = Jun,
  url = {https://github.com/MIR-MU/ARQMath-data-preprocessing/blob/main/scripts/latex_tsv_to_cmml_and_pmml_tsv.py},
}

@inproceedings{novotny2020three,
  title = {Three is better than one},
  author = {Vít Novotný and Petr Sojka and Michal Štefánik and Dávid Lupták},
  booktitle = {CEUR Workshop Proceedings: ARQMath task at CLEF conference},
  publisher = {CEUR-WS},
  address = {Thessaloniki, Greece},
  date = {22--25 September, 2020},
  year = 2020,
  volume = 2696,
  pages = {1--30},
  url = {https://ceur-ws.org/Vol-2696/paper_235.pdf},
}

@online{latex2023l3build,
  title = {l3build: A testing~and building system for {\AllTeX}},
  author = {\gobble{LaTeX}{\LaTeX{} project team}},
  year = {2023},
  month = Nov,
  url = {https://ctan.org/pkg/l3build},
}

@article{mittelbach2014l3build,
  author = {Frank Mittelbach and Will Robertson and {\LaTeX 3 team}},
  title = {l3build:~{A} modern {L}ua test suite
for {\TeX} programming},
  journal = {TUGboat},
  volume = {35},
  number = {3},
  issue = {111},
  year = 2014,
  pages = {287--293},
  url = {https://tug.org/TUGboat/tb35-3/tb111mitt-l3build.pdf},
  urlnewline = 1,
}

@article{wright2015automating,
  author = {Joseph Wright and {\LaTeX 3 team}},
  title = {Automating {\LaTeX}(3) testing},
  journal = {TUGboat},
  volume = {36},
  number = {3},
  issue = {114},
  year = 2015,
  pages = {234--236},
  url = {https://tug.org/TUGboat/tb36-3/tb114wright.pdf},
  urlnewline = 1,
}

@article{wright2022l3build,
  author = {Joseph Wright},
  title = {l3build: The beginner's guide},
  journal = {TUGboat},
  journaltie = 1,
  volume = {43},
  number = {1},
  issue = {133},
  year = 2022,
  pages = {40--43},
  url = {https://tug.org/TUGboat/tb43-1/tb133wright-l3build.pdf},
}
